% ....názov súboru je: literatura.bib
% kniha
@book{Coplien:MPD,
	author = "James O. Coplien",
	title = "Multi-Paradigm Design for C++",
	publisher = "Addison-Wesley",
	year = 1999
}

% článok v časopise
@article{Czarnecki:Staged,
    author = "Krzysztof Czarnecki and Simon Helsen and Ulrich Eisenecker",
    title = "Staged Configuration Through Specialization and Multi-Level Configuration of Feature Models",
    journal = "Software Process: Improvement and Practice",
    volume = 10,
    issue = 2,
    month = apr # "/" # jun,
    year = "2005",
    pages = "143--169",
}



@INPROCEEDINGS{10314235,
  author={Qin, Dongyang and Li, Zuyang and Yan, Yu},
  booktitle={2023 8th International Conference on Information Systems Engineering (ICISE)}, 
  title={Supervision system on Internet advertising based on artificial intelligence technology}, 
  year={2023},
  volume={},
  number={},
  pages={559-562},
  keywords={Industries;Technological innovation;Image recognition;Text recognition;Natural language processing;Internet;Advertising;Internet advertising;Artificial intelligence;Intelligent advertising supervision},
  doi={10.1109/ICISE60366.2023.00124}
}

@ARTICLE{10586976,
  author={Zhang, Haiyan and Ding, Zheng and Sharid Kayes Dipu, Md and Lv, Pinrong and Huang, Yuxue and Suleiman Abdullahi, Hauwa and Zhang, Ao and Song, Zhaoyu and Wang, Yuanyuan},
  journal={IEEE Access}, 
  title={Identification of Illegal Outdoor Advertisements Based on CLIP Fine-Tuning and OCR Technology}, 
  year={2024},
  volume={12},
  number={},
  pages={92976-92987},
  keywords={Advertising;Data models;Image recognition;Text recognition;Context modeling;Adaptation models;Training;Image classification;Text analysis;Visualization;CLIP;OCR;image classification;image and text combination;illegal outdoor advertising},
  doi={10.1109/ACCESS.2024.3424258}
}
